@online{ref:threat-range:diddy,
    author={Zovrah, @zovrah},
    url={https://twitter.com/zovrah/status/1412650768843218944},
    urldate={2024-02-26}
}
@online{ref:threat-range:fox,
    author={Zovrah, @zovrah},
    url={https://twitter.com/zovrah/status/1408819042333315072},
    urldate={2024-02-26}
}
@online{ref:threat-range:falcon,
    author={Zovrah, @zovrah},
    url={https://twitter.com/zovrah/status/1378185757106442248},
    urldate={2024-02-26}
}
@online{ref:threat-range:pika,
    author={Zovrah, @zovrah},
    url={https://twitter.com/zovrah/status/1371532238588801024},
    urldate={2024-02-26}
}
@online{ref:threat-range:snake,
    author={Zovrah, @zovrah},
    url={https://twitter.com/zovrah/status/1422985429779849216},
    urldate={2024-02-26}
}
@online{ref:threat-range:bayo,
    author={Pawp, @Pawp_SSB},
    url={https://twitter.com/Pawp_SSB/status/1563029690029248513},
    urldate={2024-02-26}
}
@online{ref:threat-range:sephiroth,
    author={Zovrah, @zovrah},
    url={https://twitter.com/zovrah/status/1415074619074093057},
    urldate={2024-02-26}
}
@online{ref:threat-range:aegis,
    author={Zovrah, @zovrah},
    url={https://twitter.com/zovrah/status/1530269056959250432},
    urldate={2024-02-26}
}
@online{ref:threat-range:wario,
    author={Zovrah, @zovrah},
    url={https://twitter.com/zovrah/status/1400497506744631298},
    urldate={2024-02-26}
}
@online{ref:threat-range:sheik,
    author={Zovrah, @zovrah},
    url={https://twitter.com/zovrah/status/1416227373410787328},
    urldate={2024-02-26}
}
@online{ref:threat-range:gnw,
    author={Zovrah, @zovrah},
    url={https://twitter.com/zovrah/status/1604940306650054656},
    urldate={2024-02-26}
}
@online{ref:threat-range:sonic,
    author={Zovrah, @zovrah},
    url={https://twitter.com/zovrah/status/1567681532818751488},
    urldate={2024-02-26}
}
@online{ref:threat-range:steve,
    author={Zovrah, @zovrah},
    url={https://twitter.com/zovrah/status/1567737912024010752},
    urldate={2024-02-26}
}
@online{ref:threat-range:corrin,
    author={Zovrah, @zovrah},
    url={https://twitter.com/zovrah/status/1402787680769822725},
    urldate={2024-02-26}
}
